

@misc{google,
  title="{Waymo}",
  howpublished="https://waymo.com/"
}
@misc{toyota,
  title="{Toyota Research Institute}",
  howpublished="http://www.tri.global/toyota-research-institute-releases-video-guardian-and-chauffeur"
}
@misc{uber,
  title="{Uber}",
  howpublished="https://www.uber.com/cities/pittsburgh/self-driving-ubers/"
}
@misc{udacity,
  title="{Udacity}",
  howpublished="https://www.udacity.com/self-driving-car"
}
@misc{baidu,
  title="{Apollo}",
  howpublished="http://apollo.auto/"
}
@misc{AStuff,
  title="{AutonomouStuff}",
  howpublished="https://autonomoustuff.com/"
}

@inproceedings{AStuff-roscon,
 title="{Autoware: ROS-based OSS for Urban Self-driving Mobility}",
  author="Shinpei Kato",
  booktitle="ROSCon2017",
  year="2017",
}


@inproceedings{quigley2009ros,
  title="{ROS: an open-source Robot Operating System}",
  author="Quigley, Morgan and Conley, Ken and Gerkey, Brian and Faust, Josh and Foote, Tully and Leibs, Jeremy and Wheeler, Rob and Ng, Andrew Y",
  booktitle="Proc. of IEEE International Conference on Robotics and Automation Workshop on Open Source Software",
  volume="3",
  number="3.2",
  pages="5",
  year="2009"
}
@misc{rosorg,
  title="{ROS.org}",
  howpublished="http://www.ros.org/"
}
@misc{pcl,
  title="{Point Cloud Library (PCL)}",
  howpublished="http://pointclouds.org/"
}
@misc{opencv,
  title="{OpenCV}",
  howpublished="http://opencv.org/"
}
@article{cousins2011exponential,
  title="{Exponential growth of ROS [ROS Topics]}",
  author="Cousins, Steve",
  journal="IEEE Robotics \& Automation Magazine",
  volume="1",
  number="18",
  pages="19--20",
  year="2011"
}
@article{cousins2010sharing,
  title="{Sharing software with ROS [ROS topics]}",
  author="Cousins, Steve and Gerkey, Brian and Conley, Ken and Garage, Willow",
  journal="IEEE Robotics \& Automation Magazine",
  volume="17",
  number="2",
  pages="12--14",
  year="2010"
}
@inproceedings{pardo2003omg,
  title="{OMG Data-Distribution Service: Architectural Overview}",
  author="Pardo-Castellote, Gerardo",
  booktitle="Proc. of IEEE International Conference on Distributed Computing Systems Workshops",
  pages="200--206",
  year="2003",
}
@inproceedings{schlesselman2004omg,
  title="{OMG data-distribution service (DDS): Aarchitectural Update}",
  author="Schlesselman, Joseph M and Pardo-Castellote, Gerardo and Farabaugh, Bert",
  booktitle="Proc. of IEEE Military Communications Conference",
  volume="2",
  pages="961--967",
  year="2004"
}
@misc{dds1.4,
  title="{Data Distribution Services (DDS) v1.4}",
  author="{Object Management Group (OMG)}",
  howpublished="http://www.omg.org/spec/DDS/1.4/",
  year="2015"
}
@misc{rtps2.2,
  title="{the Real-time Publish-Subscribe Protocol (RTPS) DDS Interoperability Wire Protocol v2.2}",
  author="{Object Management Group (OMG)}",
  howpublished="http://www.omg.org/spec/DDSI-RTPS/2.2/",
  year="2014"
}
@misc{uros,
  title="{\(\mu\)ROS}",
  howpublished="https://github.com/openrobots-dev/uROSnode"
}
@misc{rosindustrial,
  title="{ROS Industrial}",
  howpublished="http://rosindustrial.org/"
}
@conference{uros@roscon2013,
  title="{\(\mu\)ROSnode: running ROS on microcontrollers}",
  author="Martino Migliavacca and Andrea Zoppi",
  booktitle="ROS Developers Conference",
  year="2013"
}
@conference{rosc@roscon2013,
  title="{Introducing rosc}",
  author="Nikolai Ensslen",
  booktitle="ROS Developers Conference",
  year="2013"
}
@article{wei2015rt,
  title="{RT-ROS: A real-time ROS architecture on multi-core processors}",
  author="Wei, Hongxing and Shao, Zhenzhou and Huang, Zhen and Chen, Renhai and Guan, Yong and Tan, Jindong and Shao, Zili",
  journal="Future Generation Computer Systems",
  volume = "56",
  pages="171--178",
  year="2015"
}
@article{xiong2010evaluating,
  title="{Evaluating the performance of publish/subscribe platforms for information management in distributed real-time and embedded systems}",
  author="Xiong, Ming and Parsons, Jeff and Edmondson, James and Nguyen, Hieu and Schmidt, Douglas C",
  journal="omgwiki. org/dds",
  year="2009"
}
@inproceedings{sierla2003evaluation,
  title="{Evaluation of a real-time distribution service}",
  author="Sierla, Seppo and Peltola, Jukka and Koskinen, Kari",
  booktitle="Proc. of the 3rd International Symposium on Open Control System",
  year="2003"
} 
@article{urmson2008autonomous,
  title="{Autonomous driving in urban environments: Boss and the Urban Challenge}",
  author="Urmson, Chris and Anhalt, Joshua and Bagnell, Drew and Baker, Christopher and Bittner, Robert and Clark, MN and Dolan, John and Duggins, Dave and Galatali, Tugrul and Geyer, Chris and others",
  journal="Journal of Field Robotics",
  volume="25",
  number="8",
  pages="425--466",
  year="2008"
}
@article{garg2009real,
  title="{Real-time Linux kernel scheduler}",
  author="Garg, Ankita",
  journal="Linux Journal",
  volume="2009",
  number="184",
  pages="2",
  year="2009"
}
@inproceedings{chishiro2009extended,
  title="{Extended RT-component framework for RT-middleware}",
  memo="Chishiro, Hiroyuki and Fujita, Yuji and Takeda, Akira and Kojima, Yuta and Funaoka, Kenji and Kato, Shinpei and Yamasaki, Nobuyuki",
  author="blinded",
booktitle="Proc. of IEEE International Symposium on Object/Component/Service-Oriented Real-Time Distributed Computing",
  pages="161--168",
  year={2009}
}
@article{ikezoeopenrt,
  title="{OpenRT Platform/RT-Middleware for VxWorks}",
  author="Ikezoe, Akihiro and Nakamoto, Hiroyuki and Nagase, Masayuki",
  journal="ROBOMECH2010",
  pages="2A1-F19",
  year="2010"
}
@misc{ros2_iccps2016,
  title="{ROS2}",
  author="{Open Source Robotics Foundation (OSRF)}",
  howpublished={https://github.com/ros2}
}
@misc{rti_connext,
  title="{RTI Connext DDS Professional}",
  author="{Real-Time Innovations}",
  howpublished="http://www.rti.com/products/dds/index.html"
}
@misc{ospl_dds_community,
  title="{OpenSplice DDS Community Edition}",
  author="{PRISMTECH}",
  howpublished="http://www.prismtech.com/dds-community"
}
@misc{ospl_vortex,
  title="{Vortex OpenSplice}",
  author="{PRISMTECH}",
  howpublished="http://www.prismtech.com/vortex/vortex-opensplice"
}
@misc{fastrtps,
  title="{FastRTPS}",
  author="{eProsima}",
  howpublished="http://www.eprosima.com/index.php/products-all/eprosima-fast-rtps"
}
@conference{rtmtecs2015,
  title="{Brushless Motor Control using RTM and TECS}",
  memo="Hasegawa, Ryo and Oyama, Hiroshi and Azumi, Takuya",
  author="blinded",
booktitle="WiP session of the IEEE International Conference on Embedded and Real-Time Computing Systems and Applications",
  year="2015"
}
@article{kato2015open,
  title="{An Open Approach to Autonomous Vehicles}",
  author="Kato, Shinpei and Takeuchi, Eijiro and Ishiguro, Yoshio and Ninomiya, Yoshiki and Takeda, Kazuya and Hamada, Tsuyoshi",
  memo="blinded",
journal="IEEE Micro",
  volume="35",
  number="6",
  pages="60--68",
  year="2015"
}
@inproceedings{azumi2015mruby,
  title="{mruby on TECS: Component-Based Framework for Running Script Program}",
  memo="Azumi, Takuya and Nagahara, Yuki and Oyama, Hiroshi and Nishio, Nobuhiko",
  author="blinded",
booktitle="Proc. of IEEE International Symposium on Real-Time Distributed Computing",
  pages="252--259",
  year="2015"
}
@inproceedings{ando2005rt,
  title="{RT-middleware: distributed component middleware for RT (robot technology)}",
  author="Ando, Noriaki and Suehiro, Takashi and Kitagaki, Kosei and Kotoku, Tetsuo and Yoon, Woo-Keun",
  booktitle="Proc. of IEEE/RSJ International Conference on Intelligent Robots and Systems",
  pages="3933--3938",
  year="2005"
}
@conference{saito2014fusion,
  title="{Sensors Fusion of a Camera and a LRF on GPU for Obstacle Detection}",
  memo="Saito, Yukihiro and Azumi, Takuya and Nishio, Nobuhiko and Kato, Shinpei",
  author="blinded",
booktitle="WiP session of the IEEE International Conference on Cyber-Physical Systems, Networks, and Applications",
  year="2014"
}
@article{schmidt1998design,
  title="{The design of the TAO real-time object request broker}",
  author="Schmidt, Douglas C and Levine, David L and Mungee, Sumedh",
  journal={Computer Communications},
  volume={21},
  number={4},
  pages={294--324},
  year={1998},
}
@article{vinoski1997corba,
  title="{CORBA: integrating diverse applications within distributed heterogeneous environments}",
  author="Vinoski, Steve",
  journal={IEEE Communications Magazine},
  volume={35},
  number={2},
  pages={46--55},
  year={1997},
}
@conference{ros2@roscon2015,
  title="{State of ROS2: Demos and the technology behind}",
  author="Thomas, Dirk and Fernandez, Esteve and Woodall, William",
  booktitle="ROS Developers Conference",
  year="2015"
}
@misc{willowgarage,
  title="{Willow Garage}",
  howpublished="https://www.willowgarage.com/"
}
@misc{osrf,
  title="{Open Source Robotics Foundation (OSRF)}",
  howpublished="http://www.osrfoundation.org/"
}
@misc{corba3.3,
  title="{Common Object Request Broker Architecture (CORBA) 3.3}",
  author="{Object Management Group (OMG)}",
  howpublished="http://www.omg.org/spec/CORBA/3.3/",
  year="2012"
}
@misc{omg,
  title="{Object Management Group (OMG)}",
  howpublished="http://www.omg.org/"
}
@inproceedings{rtmtecs2016,
  title="{RTM-TECS: Collabolation Framework for Robot Technology Middleware and Embedded Component System}",
  memo="Hasegawa, Ryo and Oyama, Hiroshi and Azumi, Takuya",
  author="blinded",
booktitle="Proc. of IEEE International Symposium on Real-Time Computing",
  year="2016"
}
@misc{m_yuya_ros1,
  title="{Source code using ROS1 evaluations}",
  howpublished="https://github.com/m-yuya/ros1\_evaluation"
}
@misc{m_yuya_ros2,
  title="{Source code using ROS2 evaluations}",
  howpublished="https://github.com/m-yuya/ros2\_evaluation"
}

@inproceedings{becker2016contention,
  title={Contention-Free Execution of Automotive Applications on a Clustered Many-Core Platform},
  author={Becker, Matthias and Dasari, Dakshina and Nicolic, Borislav and Akesson, Benny and Nolte, Thomas and others},
  memo={Proc. of 28th IEEE Euromicro Conference on Real-Time Systems (ECRTS)},
  booktitle={Proc. of 28th IEEE ECRTS},  
  pages={14--24},
  year={2016}
}
@inproceedings{saidi2015shift,
  title={The shift to multicores in real-time and safety-critical systems},
  author={Saidi, Selma and Ernst, Rolf and Uhrig, Sascha and Theiling, Henrik and de Dinechin, Beno{\^\i}t Dupont},
  memo={Proc. of IEEE International Conference on Hardware/Software Codesign and System Synthesis (CODES+ISSS) },
  booktitle={Proc. of IEEE CODES+ISSS},
  pages={220--229},
  year={2015}
}
@inproceedings{de2014time,
  title={Time-critical computing on a single-chip massively parallel processor},
  author={de Dinechin, Beno{\^\i}t Dupont and Van Amstel, Duco and Poulhi{\`e}s, Marc and Lager, Guillaume},
  memo={Proc. of IEEE Design, Automation \& Test in Europe Conference \& Exhibition (DATE)},
  booktitle={Proc. of IEEE DATE},
  pages={1--6},
  year={2014}
}
@article{kanter2015kalray,
  title={Kalray clusters calculate quickly},
  author={Kanter, D and Gwennap, L},
  journal={Microprocessor Report},
  year={2015}
}
@article{baron2010single,
  title={The single-chip cloud computer},
  author={Baron, Max},
  journal={Microprocessor Report},
  volume={24},
  pages={4},
  year={2010}
}
@misc{intel2015scc,
  title={Intel Single Chip Cloud Computer},
  howpublished={http://www.intel.com/content/dam/www/public/us/en/documents/technology-briefs/intel-labs-single-chip-cloud-article.pdf},
  year={2015}
}
@misc{tilera2015tile64,
  title={Tile Processor Architecture Overview for the TILEPro Series},
  howpublished={http://www.tilera.com/scm/docs/UG120-Architecture-Overview-TILEPro.pdf},
  year={2015}
}
@inproceedings{bell2008tile64,
  title={Tile64-processor: A 64-core soc with mesh interconnect},
  author={Bell, Shane and Edwards, Bruce and Amann, John and Conlin, Rich and Joyce, Kevin and Leung, Vince and MacKay, John and Reif, Mike and Bao, Liewei and Brown, John and others},
  memo={Proc. of IEEE Solid-State Circuits Conference (ISSCC)},
  booktitle={Proc. of IEEE ISSCC},
  pages={88--598},
  year={2008},
  organization={IEEE}
}
@inproceedings{schooler2010tile,
  title={Tile processors: Many-core for embedded and cloud computing},
  author={Schooler, Richard},
  memo={Proc. of Workshop on High Performance Embedded Computing},
  booktitle={Proc. of HPEC},
  year={2010}
}
@inproceedings{ramey2011tile,
  title="{TILE-Gx100 manycore processor: Acceleration interfaces and architecture}",
  author={Ramey, Carl},
  memo={Proc. of IEEE Hot Chips 23 Symposium (HCS)},
  booktitle={Proc. of the 23th IEEE HCS},
  pages={1--21},
  year={2011},
  organization={IEEE}
}
@article{chrysos2014intel,
  title="{Intel{\textregistered} Xeon Phi Coprocessor-the Architecture}",
  author={Chrysos, George},
  journal={Intel Whitepaper},
  year={2014}
}
@inproceedings{chrysos2012intel,
  title="{Intel Xeon Phi coprocessor (codename knights corner)}",
  author={Chrysos, George and Engineer, Senior Principal},
  booktitle={Proc. of the 24th Hot Chips Symposium},
  year={2012}
}
@inproceedings{pollack1999new,
  title={New microarchitecture challenges in the coming generations of CMOS},
  author={Pollack, F},
  memo={Keynote of the 32nd Annual International Symposium on Microarchitecture (MICRO-32)},
  booktitle={Keynote of the 32nd MICRO-32},
  year={1999}
}
@article{moore2006cramming,
  title={Cramming more components onto integrated circuits, Reprinted from Electronics},
  author={Moore, Gordon E},
  journal={IEEE Solid-State Circuits Newsletter},
  volume={3},
  number={20},
  pages={33--35},
  year={2006}
}
@inproceedings{dally2001route,
  title={Route packets, not wires: on-chip interconnection networks},
  author={Dally, William J and Towles, Brian},
  memo={Proc. of IEEE Design Automation Conference (DAC)},
  booktitle={Proc. of IEEE DAC},
  pages={684--689},
  year={2001}
}
@inproceedings{vangal200780,
  title="{An 80-tile 1.28 TFLOPS network-on-chip in 65nm CMOS}",
  author={Vangal, Sriram and Howard, Jason and Ruhl, Gregory and Dighe, Saurabh and Wilson, Howard and Tschanz, James and Finan, David and Iyer, Priya and Singh, Arvind and Jacob, Tiju and others},
  memo={Proc. of IEEE International Solid-State Circuits Conference (ISSCC)},
  booktitle={Proc. of IEEE ISSCC},
  pages={98--99},
  year={2007}
}
@article{taylor2002raw,
  title={The Raw microprocessor: A computational fabric for software circuits and general-purpose programs},
  author={Taylor, Michael Bedford and Kim, Jason and Miller, Jason and Wentzlaff, David and Ghodrat, Fae and Greenwald, Ben and Hoffman, Henry and Johnson, Paul and Lee, Jae-Wook and Lee, Walter and others},
  journal={IEEE Micro},
  volume={22},
  number={2},
  pages={25-35},
  year={2002}
}
@inproceedings{de2013clustered,
  title={A clustered manycore processor architecture for embedded and accelerated applications},
  author={de Dinechin, Beno{\^\i}t Dupont and Ayrignac, Renaud and Beaucamps, Pierre-Edouard and Couvert, Patrice and Ganne, Benoit and de Massas, Pierre Guironnet and Jacquet, Fran{\c{c}}ois and Jones, Samuel and Chaisemartin, Nicolas Morey and Riss, Fr{\'e}d{\'e}ric and others},
  memo={Proc. of High Performance Extreme Computing Conference (HPEC)},
  booktitle={Proc. of HPEC},
  pages={1-6},
  year={2013}
}
@inproceedings{de2013clustered2,
  title={A clustered manycore processor architecture for embedded and accelerated applications},
  author={de Dinechin, Beno{\^\i}t Dupont and Ayrignac, Renaud and Beaucamps, Pierre-Edouard and others},
  memo={Proc. of High Performance Extreme Computing Conference (HPEC)},
  booktitle={Proc. of HPEC},
  pages={1-6},
  year={2013}
}

@inproceedings{de2015kalray,
  title="{Kalray MPPA{\textregistered}: Massively parallel processor array: Revisiting DSP acceleration with the Kalray MPPA Manycore processor}",
  author={de Dinechin, Benoit Dupont},
  memo={Proc. of the 27th IEEE Hot Chips 27 Symposium (HCS)},
  booktitle={Proc. of the 27th IEEE HCS},
  pages={1--27},
  year={2015}
}
@inproceedings{deDinechin2014GSN,
 author = {de Dinechin, Beno\^{\i}t Dupont and Durand, Yves and van Amstel, Duco and Ghiti, Alexandre},
 title = "{Guaranteed Services of the NoC of a Manycore Processor}",
 memo = {Proc. of the ACM International Workshop on Network on Chip Architectures (NoCArc)},
 booktitle = {Proc. of ACM NoCArc},
 year = {2014},
 pages = {11--16},
 numpages = {6}
} 
@inproceedings{perret2016temporal,
  title={Temporal Isolation of Hard Real-Time Applications on Many-Core Processors},
  author={Perret, Quentin and Maur{\`e}re, Pascal and Noulard, Eric and Pagetti, Claire and Sainrat, Pascal and Triquet, Benoit},
  memo={Proc. of IEEE Real-Time and Embedded Technology and Applications Symposium (RTAS)},
  booktitle={Proc. of IEEE RTAS},
  pages={1--11},
  year={2016}
}
@inproceedings{perret2016mapping,
  title={Mapping hard real-time applications on many-core processors},
  author={Perret, Quentin and Maur{\`e}re, Pascal and Noulard, {\'E}ric and Pagetti, Claire and Sainrat, Pascal and Triquet, Beno{\^\i}t},
  memo={Proc. of the ACM 24th International Conference on Real-Time Networks and Systems (RTNS)},
  booktitle={Proc. of the ACM 24th RTNS},
  pages={235--244},
  year={2016}
}
@inproceedings{becker2014mapping,
  title={Mapping Real-Time Tasks onto Many-Core Systems considering Message Flows},
  author={Becker, Matthias and Sandstr{\"o}m, Kristian and Behnam, Moris and Nolte, Thomas},
  memo={Proc. of the Work-in-Progress Session of the 20th IEEE Real-Time and Embedded Technology and Applications Symposium (RTAS)},
  booktitle={Proc. of the WiP Session of the 20th IEEE RTAS},
  year={2014}
}
@article{puffitsch2015off,
  title={Off-line mapping of multi-rate dependent task sets to many-core platforms},
  author={Puffitsch, Wolfgang and Noulard, Eric and Pagetti, Claire},
  journal={Real-Time Systems},
  volume={51},
  number={5},
  pages={526--565},
  year={2015},
  publisher={Springer}
}
@inproceedings{carle2014static,
  title={Static mapping of real-time applications onto massively parallel processor arrays},
  author={Carle, Thomas and Djemal, Manel and Potop-Butucaru, Dumitru and De Simone, Robert and Zhang, Zhen},
  memo={Proc. of the 14th IEEE International Conference on Application of Concurrency to System Design},
  booktitle={Proc. of the 14th IEEE ACSD},
  pages={112--121},
  year={2014}
}
@article{de2013distributed,
  title={A distributed run-time environment for the Kalray MPPA{\textregistered}-256 integrated manycore processor},
  author={de Dinechin, Beno{\^\i}t Dupont and de Massas, Pierre Guironnet and Lager, Guillaume and L{\'e}ger, Cl{\'e}ment and Orgogozo, Benjamin and Reybert, J{\'e}r{\^o}me and Strudel, Thierry},
  journal={Procedia Computer Science},
  volume={18},
  pages={1654--1663},
  year={2013},
  publisher={Elsevier}
}
@inproceedings{perret2016predictable,
  title={Predictable composition of memory accesses on many-core processors},
  author={Perret, Quentin and Maur{\`e}re, Pascal and Noulard, Eric and Pagetti, Claire and Sainrat, Pascal and Triquet, Beno{\^\i}t},
  memo={Proc. of the 8th European Congress on Embedded Real Time Software and Systems (ECRTS)},
  booktitle={Proc. of the 8th ECRTS},
  year={2016}
}
@inproceedings{maruyama2016ros2,
 author = {Maruyama, Yuya and Kato, Shinpei and Azumi, Takuya},
 title = "{Exploring the Performance of ROS2}",
 memo = {Proc. of the 13th ACM International Conference on Embedded Software (EMSOFT)},
 booktitle = {Proc. of the 13th ACM EMSOFT},
 year = {2016},
 isbn = {978-1-4503-4485-2},
 pages = {5:1--5:10},
 articleno = {5},
 numpages = {10}
} 
@inproceedings{denet2017work,
  title={Network-on-Chip Service Guarantees on the Kalray MPPA-256 Bostan Processor},
  author={de Dinechin, Beno{\^\i}t Dupont and Graillat, Amaury},
  memo={Proc. of the 2nd International Workshop on Advanced Interconnect Solutions and Technologies for Emerging Computing Systems (AISTECS)},
  booktitle={Proc. of the 2nd AISTECS},
  year={2017}
}
@inproceedings{faragardi2014communication,
  title="{A communication-aware solution framework for mapping AUTOSAR runnables on multi-core systems}",
  author={Faragardi, Hamid Reza and Lisper, Bj{\"o}rn and Sandstr{\"o}m, Kristian and Nolte, Thomas},
  memo={Proc. of IEEE Emerging Technology and Factory Automation (ETFA)},
  booktitle={Proc. of IEEE ETFA},
  pages={1--9},
  year={2014}
}
@inproceedings{furst2009autosar,
  title={AUTOSAR--A Worldwide Standard is on the Road},
  author={F{\"u}rst, Simon and M{\"o}ssinger, J{\"u}rgen and Bunzel, Stefan and Weber, Thomas and Kirschke-Biller, Frank and Heitk{\"a}mper, Peter and Kinkelin, Gerulf and Nishikawa, Kenji and Lange, Klaus},
  memo={Proc. of the 14th International VDI Congress Electronic Systems for Vehicles},
  booktitle={Proc. of the 14th ELIV},
  volume={62},
  year={2009}
}
@phdthesis{magnusson2009three,
  title={The three-dimensional normal-distributions transform: an efficient representation for registration, surface analysis, and loop detection},
  author={Magnusson, Martin},
  year={2009},
  school={{\"O}rebro universitet}
}
@misc{autoware,
  title="{Autoware: Open-source software for urban autonomous driving}",
  howpublished="https://github.com/CPFL/Autoware"
}
@misc{cuda,
  title="{Compute Unified Device Architecture (CUDA)}",
  howpublished="https://developer.nvidia.com/cudazone"
}
@misc{caffe,
  title="{Caffe}",
  howpublished="http://caffe.berkeleyvision.org/"
}
@article{jia2014caffe,
  Author = {Jia, Yangqing and Shelhamer, Evan and Donahue, Jeff and Karayev, Sergey and Long, Jonathan and Girshick, Ross and Guadarrama, Sergio and Darrell, Trevor},
  Journal = {arXiv preprint arXiv:1408.5093},
  Title = {Caffe: Convolutional Architecture for Fast Feature Embedding},
  Year = {2014}
}
@misc{drivepx2,
  title="{NVIDIA: {DRIVE PX}2}",
  howpublished="http://www.nvidia.com/object/drive-px.html"
}
@misc{parker,
  title="{NVIDIA: {Parker}}",
  howpublished="https://blogs.nvidia.com/blog/2016/08/22/parker-for-self-driving-cars"
}
@inproceedings{biber2003normal,
  title={The normal distributions transform: A new approach to laser scan matching},
  author={Biber, Peter and Stra{\ss}er, Wolfgang},
  booktitle={Proc. of IEEE/RSJ International Conference on Intelligent Robots and Systems (IROS)},
  volume={3},
  pages={2743--2748},
  year={2003}
}
@article{DBLP:journals/corr/RedmonF16,
  author    = {Joseph Redmon and
               Ali Farhadi},
  title     = {{YOLO9000:} Better, Faster, Stronger},
  journal   = {CoRR},
  volume    = {abs/1612.08242},
  year      = {2016},
  url       = {http://arxiv.org/abs/1612.08242},
  timestamp = {Wed, 07 Jun 2017 14:40:20 +0200},
  biburl    = {http://dblp.uni-trier.de/rec/bib/journals/corr/RedmonF16},
  bibsource = {dblp computer science bibliography, http://dblp.org}
}
@inproceedings{liu2016ssd,
  title = {{SSD}: Single Shot MultiBox Detector},
  author = {Liu, Wei and Anguelov, Dragomir and Erhan, Dumitru and Szegedy, Christian and Reed, Scott and Fu, Cheng-Yang and Berg, Alexander C.},
  booktitle = {Proc. of European Conference on Computer Vision (ECCV)},
  year = {2016}
}
@article{felzenszwalb2010object,
  title={Object detection with discriminatively trained part-based models},
  author={Felzenszwalb, Pedro F and Girshick, Ross B and McAllester, David and Ramanan, Deva},
  journal={IEEE transactions on pattern analysis and machine intelligence},
  volume={32},
  number={9},
  pages={1627--1645},
  year={2010}
}
@inproceedings{dalal2005histograms,
  title={Histograms of oriented gradients for human detection},
  author={Dalal, Navneet and Triggs, Bill},
  booktitle={Proc. of IEEE Computer Society Conference on Computer Vision and Pattern Recognition (CVPR) },
  volume={1},
  pages={886--893},
  year={2005}
}
@article{kalman1960new,
  title={A new approach to linear filtering and prediction problems},
  author={Kalman, Rudolph Emil and others},
  journal={Journal of basic Engineering},
  volume={82},
  number={1},
  pages={35--45},
  year={1960}
}
@article{arulampalam2002tutorial,
  title={A tutorial on particle filters for online nonlinear/non-Gaussian Bayesian tracking},
  author={Arulampalam, M Sanjeev and Maskell, Simon and Gordon, Neil and Clapp, Tim},
  journal={IEEE Transactions on signal processing},
  volume={50},
  number={2},
  pages={174--188},
  year={2002}
}
@inproceedings{yuya2017exploring,
  title="{Exploring Scalable Data Allocation and Parallel Computing on NoC-based Embedded Many Cores}",
  author = {Maruyama, Yuya and Kato, Shinpei and Azumi, Takuya},
  booktitle={Proc. of IEEE International Conference on Computer Design (ICCD)},
  year={2017}
}
@article{darweesh2017open,
  title={Open Source Integrated Planner for Autonomous Navigation in Highly Dynamic Environments},
  author={Darweesh, Hatem and Takeuchi, Eijiro and Takeda, Kazuya and Ninomiya, Yoshiki and Sujiwo, Adi and Morales, Luis Yoichi and Akai, Naoki and Tomizawa, Tetsuo and Kato, Shinpei},
  journal={Journal of Robotics and Mechatronics},
  volume={29},
  number={4},
  pages={668--684},
  year={2017},
  publisher={Fuji Technology Press Ltd.}
}
@article{pivtoraiko2009differentially,
  title={Differentially constrained mobile robot motion planning in state lattices},
  author={Pivtoraiko, Mihail and Knepper, Ross A and Kelly, Alonzo},
  journal={Journal of Field Robotics},
  volume={26},
  number={3},
  pages={308--333},
  year={2009},
  publisher={Wiley Online Library}
}
@article{hart1968formal,
  title={A formal basis for the heuristic determination of minimum cost paths},
  author={Hart, Peter E and Nilsson, Nils J and Raphael, Bertram},
  journal={IEEE transactions on Systems Science and Cybernetics},
  volume={4},
  number={2},
  pages={100--107},
  year={1968}
}
@inproceedings{mcnaughton2011motion,
  title={Motion planning for autonomous driving with a conformal spatiotemporal lattice},
  author={McNaughton, Matthew and Urmson, Chris and Dolan, John M and Lee, Jin-Woo},
  booktitle={Proc. of IEEE International Conference on Robotics and Automation (ICRA)},
  pages={4889--4895},
  year={2011}
}
@article{dolgov2010path,
  title={Path planning for autonomous vehicles in unknown semi-structured environments},
  author={Dolgov, Dmitri and Thrun, Sebastian and Montemerlo, Michael and Diebel, James},
  journal={The International Journal of Robotics Research},
  volume={29},
  number={5},
  pages={485--501},
  year={2010},
  publisher={SAGE Publications Sage UK: London, England}
}
@article{montemerlo2008junior,
  title={Junior: The stanford entry in the urban challenge},
  author={Montemerlo, Michael and Becker, Jan and Bhat, Suhrid and Dahlkamp, Hendrik and Dolgov, Dmitri and Ettinger, Scott and Haehnel, Dirk and Hilden, Tim and Hoffmann, Gabe and Huhnke, Burkhard and others},
  journal={Journal of field Robotics},
  volume={25},
  number={9},
  pages={569--597},
  year={2008},
  publisher={Wiley Online Library}
}
@article{nagy2001trajectory,
  title={Trajectory generation for car-like robots using cubic curvature polynomials},
  author={Nagy, Bryan and Kelly, Alonzo},
  journal={Field and Service Robots},
  volume={11},
  year={2001}
}
@techreport{coulter1992implementation,
  title={Implementation of the pure pursuit path tracking algorithm},
  author={Coulter, R Craig},
  year={1992},
  institution={CARNEGIE-MELLON UNIV PITTSBURGH PA ROBOTICS INST}
}
@misc{apollo,
  title="{Apollo: an open autonomous driving platform}",
  howpublished="https://github.com/ApolloAuto/apollo"
}
@misc{polysync,
  title="{PolySync: tools and software infrastructure at the center of autonomous vehicle development}",
  howpublished="https://polysync.io/"
}
@article{leonard2007team,
  title={Team MIT urban challenge technical report},
  author={Leonard, John and Barrett, David and How, Jonathan and Teller, Seth and Antone, Matt and Campbell, Stefan and Epstein, Alex and Fiore, Gaston and Fletcher, Luke and Frazzoli, Emilio and others},
  year={2007}
}
@inbook{buehler2009darpa_mit1,
  title={The DARPA urban challenge: autonomous vehicles in city traffic},
  author={Buehler, Martin and Iagnemma, Karl and Singh, Sanjiv},
  chapter={The MIT - Cornell Collision and Why it Happened},
  pages={509--548},
  volume={56},
  year={2009},
  publisher={Springer}
}
@inbook{buehler2009darpa_mit2,
  title={The DARPA urban challenge: autonomous vehicles in city traffic},
  author={Buehler, Martin and Iagnemma, Karl and Singh, Sanjiv},
  chapter={A Perception-Driven Autonomous Urban Vehicle},
  pages={163--230},
  volume={56},
  year={2009},
  publisher={Springer}
}
@inproceedings{che2010characterization,
  title={A characterization of the Rodinia benchmark suite with comparison to contemporary CMP workloads},
  author={Che, Shuai and Sheaffer, Jeremy W and Boyer, Michael and Szafaryn, Lukasz G and Wang, Liang and Skadron, Kevin},
  booktitle={IEEE International Symposium on Workload Characterization (IISWC)},
  memo={Proc. of IEEE IISWC},
  pages={1--11},
  year={2010},
  organization={IEEE}
}
@article{BURGIO2017299,
  title = "A software stack for next-generation automotive systems on many-core heterogeneous platforms",
  journal = "Microprocessors and Microsystems",
  volume = "52",
  number = "Supplement C",
  pages = "299 - 311",
  year = "2017",
  issn = "0141-9331",
  memo = "https://doi.org/10.1016/j.micpro.2017.06.016",
  memo = "http://www.sciencedirect.com/science/article/pii/S0141933116304550",
  author = {Paolo, Burgio and Marko, Bertogna and Nicola. Capodieci and Roberto, Cavicchioli and Michal, Sojka and Přemysl, Houdek and Andrea, Marongiu and Paolo, Gai and Claudio, Scordino and Bruno, Morelli},
  memo = "Paolo Burgio and Marko Bertogna and Nicola Capodieci and Roberto Cavicchioli and Michal Sojka and Přemysl Houdek and Andrea Marongiu and Paolo Gai and Claudio Scordino and Bruno Morelli",
  keywords = "Autonomous Driving Assistance Systems",
  keywords = "Many-core embedded systems",
  keywords = "Predictable Execution Models",
  keywords = "Real-time systems",
  keywords = "Parallel programming models"
}
@article{BURGIO20172992,
  title = "A software stack for next-generation automotive systems on many-core heterogeneous platforms",
  journal = "Microprocessors and Microsystems",
  volume = "52",
  number = "Supplement C",
  pages = "299 - 311",
  year = "2017",
  issn = "0141-9331",
  memo = "https://doi.org/10.1016/j.micpro.2017.06.016",
  memo = "http://www.sciencedirect.com/science/article/pii/S0141933116304550",
  author = {Paolo, Burgio and others},
  memo = "Paolo Burgio and Marko Bertogna and Nicola Capodieci and Roberto Cavicchioli and Michal Sojka and Přemysl Houdek and Andrea Marongiu and Paolo Gai and Claudio Scordino and Bruno Morelli",
  keywords = "Autonomous Driving Assistance Systems",
  keywords = "Many-core embedded systems",
  keywords = "Predictable Execution Models",
  keywords = "Real-time systems",
  keywords = "Parallel programming models"
}
@article{Wentzlaff2009FOS,
  author = {Wentzlaff, David and Agarwal, Anant},
  title = {Factored Operating Systems (Fos): The Case for a Scalable Operating System for Multicores},
  journal = {SIGOPS Oper. Syst. Rev.},
  issue_date = {April 2009},
  volume = {43},
  number = {2},
  year = {2009},
  issn = {0163-5980},
  pages = {76--85},
  numpages = {10},
  publisher = {ACM},
  keywords = {factored operating system, multicore operating systems},
}
@inproceedings{schupbach2008embracing,
  title={Embracing diversity in the Barrelfish manycore operating system},
  author={Sch{\"u}pbach, Adrian and Peter, Simon and Baumann, Andrew and Roscoe, Timothy and Barham, Paul and Harris, Tim and Isaacs, Rebecca},
  booktitle={Proc. of the Workshop on Managed Many-Core Systems},
  pages={27},
  year={2008}
}